<record><leader>00000cas a2200000 a 4500</leader><controlfield tag="001">11489961</controlfield><controlfield tag="008">841213d18871894ksuwr ne      0   a0eng d</controlfield><datafield ind1=" " ind2=" " tag="010"><subfield code="a">sn 84030111 </subfield></datafield><datafield ind1=" " ind2=" " tag="040"><subfield code="a">KSH</subfield><subfield code="b">eng</subfield><subfield code="c">KSH</subfield><subfield code="d">NPT</subfield><subfield code="d">OCL</subfield><subfield code="d">OCLCQ</subfield></datafield><datafield ind1=" " ind2=" " tag="042"><subfield code="a">msc</subfield></datafield><datafield ind1="0" ind2="4" tag="245"><subfield code="a">The Democratic principle.</subfield></datafield><datafield ind1=" " ind2=" " tag="260"><subfield code="a">Syracuse, Kan. :</subfield><subfield code="b">Bentley &amp; Swallow,</subfield><subfield code="c">1887-1894.</subfield></datafield><datafield ind1=" " ind2=" " tag="300"><subfield code="a">7 v. :</subfield><subfield code="b">ill. ;</subfield><subfield code="c">50-55 cm.</subfield></datafield><datafield ind1=" " ind2=" " tag="310"><subfield code="a">Weekly</subfield></datafield><datafield ind1="0" ind2=" " tag="362"><subfield code="a">Vol. 1, no. 1 (Oct. 12, 1887)-v. 7, no. 36 (June 7, 1894).</subfield></datafield><datafield ind1=" " ind2=" " tag="500"><subfield code="a">Published by: Dunlavy &amp; Quillen, Jan. 4-Aug. 2, 1888; F.M. Dunlavy, Aug. 9, 1888-Jan. 9, 1890; Dunlavy &amp; Hurd, Jan. 16-Dec. 4, 1890; F.M. Dunlavy, Dec. 11, 1890-June 7, 1894.</subfield></datafield><datafield ind1=" " ind2=" " tag="525"><subfield code="a">Has occasional supplements.</subfield></datafield><datafield ind1=" " ind2=" " tag="752"><subfield code="a">United States</subfield><subfield code="b">Kansas</subfield><subfield code="c">Hamilton</subfield><subfield code="d">Syracuse.</subfield></datafield><datafield ind1="0" ind2="4" tag="785"><subfield code="t">Syracuse journal (Syracuse, Kan. : 1885)</subfield><subfield code="w">(DLC)sn 84030016</subfield></datafield></record>